<?xml version="1.0" encoding="Windows-1252"?>
<!-- DEMONSTRACAO ACADEMICA - NAO CERTIFICADO --><AuditFile xmlns="urn:OECD:StandardAuditFile-Tax:PT_1.04_01"><Header><AuditFileVersion>1.04_01</AuditFileVersion><CompanyID>567941914</CompanyID><TaxRegistrationNumber>567941914</TaxRegistrationNumber><TaxAccountingBasis>C</TaxAccountingBasis><CompanyName>OPSA PAP master-final-20260714-11, Lda.</CompanyName><CompanyAddress><AddressDetail>Rua da Escola, 1</AddressDetail><City>Lisboa</City><PostalCode>1000-001</PostalCode><Country>PT</Country></CompanyAddress><FiscalYear>2026</FiscalYear><StartDate>2026-01-01</StartDate><EndDate>2026-07-14</EndDate><CurrencyCode>EUR</CurrencyCode><DateCreated>2026-07-14</DateCreated><TaxEntity>Global</TaxEntity><ProductCompanyTaxID>510100001</ProductCompanyTaxID><SoftwareCertificateNumber>0</SoftwareCertificateNumber><ProductID>OPSA/OPSA</ProductID><ProductVersion>1.0.0-demo</ProductVersion></Header><MasterFiles><GeneralLedgerAccounts><TaxonomyReference>S</TaxonomyReference><Account><AccountID>2</AccountID><AccountDescription>Contas a receber e a pagar</AccountDescription><OpeningDebitBalance>0.00</OpeningDebitBalance><OpeningCreditBalance>0.00</OpeningCreditBalance><ClosingDebitBalance>0.00</ClosingDebitBalance><ClosingCreditBalance>0.00</ClosingCreditBalance><GroupingCategory>GR</GroupingCategory></Account><Account><AccountID>21</AccountID><AccountDescription>Clientes</AccountDescription><OpeningDebitBalance>0.00</OpeningDebitBalance><OpeningCreditBalance>0.00</OpeningCreditBalance><ClosingDebitBalance>0.00</ClosingDebitBalance><ClosingCreditBalance>0.00</ClosingCreditBalance><GroupingCategory>GA</GroupingCategory><GroupingCode>2</GroupingCode></Account><Account><AccountID>211</AccountID><AccountDescription>Clientes c/c</AccountDescription><OpeningDebitBalance>0.00</OpeningDebitBalance><OpeningCreditBalance>0.00</OpeningCreditBalance><ClosingDebitBalance>0.00</ClosingDebitBalance><ClosingCreditBalance>0.00</ClosingCreditBalance><GroupingCategory>GM</GroupingCategory><GroupingCode>21</GroupingCode><TaxonomyCode>211</TaxonomyCode></Account><Account><AccountID>22</AccountID><AccountDescription>Fornecedores</AccountDescription><OpeningDebitBalance>0.00</OpeningDebitBalance><OpeningCreditBalance>0.00</OpeningCreditBalance><ClosingDebitBalance>0.00</ClosingDebitBalance><ClosingCreditBalance>0.00</ClosingCreditBalance><GroupingCategory>GA</GroupingCategory><GroupingCode>2</GroupingCode></Account><Account><AccountID>221</AccountID><AccountDescription>Fornecedores c/c</AccountDescription><OpeningDebitBalance>0.00</OpeningDebitBalance><OpeningCreditBalance>0.00</OpeningCreditBalance><ClosingDebitBalance>0.00</ClosingDebitBalance><ClosingCreditBalance>36.90</ClosingCreditBalance><GroupingCategory>GM</GroupingCategory><GroupingCode>22</GroupingCode><TaxonomyCode>221</TaxonomyCode></Account><Account><AccountID>24</AccountID><AccountDescription>Estado e outros entes públicos</AccountDescription><OpeningDebitBalance>0.00</OpeningDebitBalance><OpeningCreditBalance>0.00</OpeningCreditBalance><ClosingDebitBalance>0.00</ClosingDebitBalance><ClosingCreditBalance>0.00</ClosingCreditBalance><GroupingCategory>GA</GroupingCategory><GroupingCode>2</GroupingCode></Account><Account><AccountID>2432</AccountID><AccountDescription>IVA dedutível</AccountDescription><OpeningDebitBalance>0.00</OpeningDebitBalance><OpeningCreditBalance>0.00</OpeningCreditBalance><ClosingDebitBalance>6.90</ClosingDebitBalance><ClosingCreditBalance>0.00</ClosingCreditBalance><GroupingCategory>GM</GroupingCategory><GroupingCode>24</GroupingCode><TaxonomyCode>243</TaxonomyCode></Account><Account><AccountID>2433</AccountID><AccountDescription>IVA liquidado</AccountDescription><OpeningDebitBalance>0.00</OpeningDebitBalance><OpeningCreditBalance>0.00</OpeningCreditBalance><ClosingDebitBalance>0.00</ClosingDebitBalance><ClosingCreditBalance>0.00</ClosingCreditBalance><GroupingCategory>GM</GroupingCategory><GroupingCode>24</GroupingCode><TaxonomyCode>243</TaxonomyCode></Account><Account><AccountID>6</AccountID><AccountDescription>Gastos</AccountDescription><OpeningDebitBalance>0.00</OpeningDebitBalance><OpeningCreditBalance>0.00</OpeningCreditBalance><ClosingDebitBalance>0.00</ClosingDebitBalance><ClosingCreditBalance>0.00</ClosingCreditBalance><GroupingCategory>GR</GroupingCategory></Account><Account><AccountID>62</AccountID><AccountDescription>Fornecimentos e serviços externos</AccountDescription><OpeningDebitBalance>0.00</OpeningDebitBalance><OpeningCreditBalance>0.00</OpeningCreditBalance><ClosingDebitBalance>30.00</ClosingDebitBalance><ClosingCreditBalance>0.00</ClosingCreditBalance><GroupingCategory>GM</GroupingCategory><GroupingCode>6</GroupingCode><TaxonomyCode>62</TaxonomyCode></Account><Account><AccountID>7</AccountID><AccountDescription>Rendimentos</AccountDescription><OpeningDebitBalance>0.00</OpeningDebitBalance><OpeningCreditBalance>0.00</OpeningCreditBalance><ClosingDebitBalance>0.00</ClosingDebitBalance><ClosingCreditBalance>0.00</ClosingCreditBalance><GroupingCategory>GR</GroupingCategory></Account><Account><AccountID>71</AccountID><AccountDescription>Vendas</AccountDescription><OpeningDebitBalance>0.00</OpeningDebitBalance><OpeningCreditBalance>0.00</OpeningCreditBalance><ClosingDebitBalance>0.00</ClosingDebitBalance><ClosingCreditBalance>0.00</ClosingCreditBalance><GroupingCategory>GM</GroupingCategory><GroupingCode>7</GroupingCode><TaxonomyCode>71</TaxonomyCode></Account><Account><AccountID>72</AccountID><AccountDescription>Prestações de serviços</AccountDescription><OpeningDebitBalance>0.00</OpeningDebitBalance><OpeningCreditBalance>0.00</OpeningCreditBalance><ClosingDebitBalance>0.00</ClosingDebitBalance><ClosingCreditBalance>0.00</ClosingCreditBalance><GroupingCategory>GM</GroupingCategory><GroupingCode>7</GroupingCode><TaxonomyCode>72</TaxonomyCode></Account></GeneralLedgerAccounts><Customer><CustomerID>C9xnvpchpv2hr8r1wx8k1bcfjm</CustomerID><AccountID>211</AccountID><CustomerTaxID>570171644</CustomerTaxID><CompanyName>Cliente PAP master-final-20260714-11</CompanyName><BillingAddress><AddressDetail>Rua da Escola, 12</AddressDetail><City>Lisboa</City><PostalCode>1000-001</PostalCode><Country>PT</Country></BillingAddress><Email>cliente-master-final-20260714-11@example.test</Email><SelfBillingIndicator>0</SelfBillingIndicator></Customer><Supplier><SupplierID>Seq6r5mebvr76uk7z0emb7afl7</SupplierID><AccountID>221</AccountID><SupplierTaxID>525039945</SupplierTaxID><CompanyName>Fornecedor PAP master-final-20260714-11</CompanyName><BillingAddress><AddressDetail>Rua da Escola, 12</AddressDetail><City>Lisboa</City><PostalCode>1000-001</PostalCode><Country>PT</Country></BillingAddress><Email>fornecedor-master-final-20260714-11@example.test</Email><SelfBillingIndicator>0</SelfBillingIndicator></Supplier><Product><ProductType>P</ProductType><ProductCode>PAP-DEMO-001</ProductCode><ProductDescription>Produto demonstrativo PAP</ProductDescription><ProductNumberCode>PAP-DEMO-001</ProductNumberCode></Product><TaxTable><TaxTableEntry><TaxType>IVA</TaxType><TaxCountryRegion>PT</TaxCountryRegion><TaxCode>NOR</TaxCode><Description>IVA normal 23%</Description><TaxPercentage>23</TaxPercentage></TaxTableEntry></TaxTable></MasterFiles><GeneralLedgerEntries><NumberOfEntries>1</NumberOfEntries><TotalDebit>36.90</TotalDebit><TotalCredit>36.90</TotalCredit><Journal><JournalID>PURCHASES</JournalID><Description>Compras</Description><Transaction><TransactionID>2026-07-14 PURCHASES l}rqc#wyYeeO;~EQDwOV</TransactionID><Period>7</Period><TransactionDate>2026-07-14</TransactionDate><SourceID>U33m0gtck9l5lbdeovi6rim878</SourceID><Description>Compra FC-PAP-master-final-20260714-11</Description><DocArchivalNumber>l}rqc#wyYeeO;~EQDwOV</DocArchivalNumber><TransactionType>N</TransactionType><GLPostingDate>2026-07-14</GLPostingDate><SupplierID>Seq6r5mebvr76uk7z0emb7afl7</SupplierID><Lines><DebitLine><RecordID>1</RecordID><AccountID>62</AccountID><SystemEntryDate>2026-07-14T22:28:40.420Z</SystemEntryDate><Description>Compra FC-PAP-master-final-20260714-11</Description><DebitAmount>30.00</DebitAmount></DebitLine><DebitLine><RecordID>2</RecordID><AccountID>2432</AccountID><SystemEntryDate>2026-07-14T22:28:40.420Z</SystemEntryDate><Description>Compra FC-PAP-master-final-20260714-11</Description><DebitAmount>6.90</DebitAmount></DebitLine><CreditLine><RecordID>3</RecordID><AccountID>221</AccountID><SystemEntryDate>2026-07-14T22:28:40.420Z</SystemEntryDate><Description>Compra FC-PAP-master-final-20260714-11</Description><CreditAmount>36.90</CreditAmount></CreditLine></Lines></Transaction></Journal></GeneralLedgerEntries><SourceDocuments><SalesInvoices><NumberOfEntries>0</NumberOfEntries><TotalDebit>0.00</TotalDebit><TotalCredit>0.00</TotalCredit></SalesInvoices></SourceDocuments></AuditFile>